@article{Mun95,
    title = {{A combined finite-discrete element method in transient dynamics of fracturing solids}},
    year = {1995},
    journal = {Engineering Computations},
    author = {Munjiza, A. and Owen, D. R.J. and Bicanic, N.},
    number = {2},
    month = {2},
    pages = {145--174},
    volume = {12},
    doi = {10.1108/02644409510799532},
    issn = {02644401},
    keywords = {Finite/discrete elements Progressive fracturing De}
}

@article{Gu07,
    title = {{A meshless local Kriging method for large deformation analyses}},
    year = {2007},
    journal = {Computer Methods in Applied Mechanics and Engineering},
    author = {Gu, Y. T. and Wang, Q. X. and Lam, K. Y.},
    number = {9-12},
    pages = {1673--1684},
    volume = {196},
    doi = {10.1016/j.cma.2006.09.017},
    issn = {00457825},
    keywords = {Kriging interpolation, Large deformation, Local weak-form, MEMS, Meshless method, Nonlinear, Numerical computation}
}

@article{Gha15,
    title = {{A meshless local Petrov–Galerkin method for nonlinear dynamic analyses of hyper-elastic FG thick hollow cylinder with Rayleigh damping}},
    year = {2015},
    journal = {Acta Mechanica},
    author = {Ghadiri Rad, Mohammad Hossein and Shahabian, Farzad and Hosseini, Seyed Mahmoud},
    number = {5},
    pages = {1497--1513},
    volume = {226},
    isbn = {0070701412662},
    doi = {10.1007/s00707-014-1266-2},
    issn = {00015970}
}

@article{Guo16,
    title = {{A numerical investigation of mesh sensitivity for a new three-dimensional fracture model within the combined finite-discrete element method}},
    year = {2016},
    journal = {Engineering Fracture Mechanics},
    author = {Guo, Liwei and Xiang, Jiansheng and Latham, John Paul and Izzuddin, Bassam},
    month = {1},
    pages = {70--91},
    volume = {151},
    publisher = {Elsevier Ltd},
    doi = {10.1016/j.engfracmech.2015.11.006},
    issn = {00137944},
    keywords = {Combined finite-discrete element method, Mesh orientation sensitivity, Mesh size sensitivity, Numerical investigation, Three-dimensional fracture model}
}

@inproceedings{Wu14,
    title = {{A numerical study on dynamic failure of nanomaterial enhanced laminated glass under impact}},
    year = {2014},
    booktitle = {IOP Conference Series: Materials Science and Engineering},
    author = {Wu, C. D. and Yan, X. Q. and Shen, L. M.},
    number = {1},
    volume = {10},
    publisher = {Institute of Physics Publishing},
    doi = {10.1088/1757-899X/10/1/012176},
    issn = {1757899X}
}

@article{VuB13,
    title = {{A Phantom-Node Method with Edge-Based Strain Smoothing forLinear Elastic Fracture Mechanics}},
    year = {2013},
    journal = {Journal of Applied Mathematics},
    author = {Vu-Bac, N and Nguyen-Xuan, H and Chen, L and Lee, CK and Zi, G and Zhuan, X and Liu, GR and Rabzuk, Timon},
    pages = {12},
    volume = {2013}
}

@article{Rab10,
    title = {{A simple and robust three-dimensional cracking-particle method without enrichment}},
    year = {2010},
    journal = {Computer Methods in Applied Mechanics and Engineering},
    author = {Rabczuk, Timon and Zi, Goangseup and Bordas, Stephane and Nguyen-Xuan, Hung},
    number = {37-40},
    month = {8},
    pages = {2437--2455},
    volume = {199},
    doi = {10.1016/j.cma.2010.03.031},
    issn = {00457825},
    keywords = {Cohesive crack model, Dynamic fracture, Meshfree methods}
}

@article{Che15,
    title = {{A three-dimensional computational framework for impact fracture analysis of automotive laminated glass}},
    year = {2015},
    journal = {Computer Methods in Applied Mechanics and Engineering},
    author = {Chen, Shunhua and Zang, Mengyan and Xu, Wei},
    month = {9},
    pages = {72--99},
    volume = {294},
    publisher = {North-Holland},
    url = {https://www.sciencedirect.com/science/article/pii/S0045782515001978},
    doi = {10.1016/J.CMA.2015.06.005},
    issn = {0045-7825}
}

@article{Rab07,
    title = {{A three-dimensional large deformation meshfree method for arbitrary evolving cracks}},
    year = {2007},
    journal = {Computer Methods in Applied Mechanics and Engineering},
    author = {Rabczuk, T. and Belytschko, T.},
    number = {29-30},
    month = {5},
    pages = {2777--2799},
    volume = {196},
    doi = {10.1016/j.cma.2006.06.020},
    issn = {00457825},
    keywords = {Cohesive crack model, Dynamic fracture, Meshfree methods}
}

@misc{Aba13,
    title = {{Abaqus Analysis User's Guide}},
    year = {2013},
    booktitle = {Dassault Syst{\`{e}}mes},
    url = {http://ivt-abaqusdoc.ivt.ntnu.no:2080/v6.14/books/usb/default.htm}
}

@misc{AMC03,
    title = {{AMCG Group}},
    year = {2003},
    author = {Smith, Rebecca Claire and Buchan, Andrew G and Xie, Zhihua and Greaves, Tim and Piggott, Matthew and Allison, Peter A and Neethling, Stephen and Collins, Gareth S and Pain, Christopher and Gorman, Gerard and Latham, John-Paul and Cooling, Christopher M and Percival, James R and Avdis, Alexandros and Heaney, Claire E and Farsi, Ado and Parada, Pablo Brito and Xiang, Jiansheng and Davison, Thomas M and Kramer, Stephan and Salinas, Pablo and Umpleby, Adrian P and Fang, Fangxin and Jackson, Matthew D and Yang, Liang},
    url = {https://www.imperial.ac.uk/earth-science/research/research-groups/amcg/}
}

@article{Yua17,
    title = {{An analytical model for deformation and damage of rectangular laminated glass under low-velocity impact}},
    year = {2017},
    journal = {Composite Structures},
    author = {Yuan, Ye and Xu, Chengliang and Xu, Tingni and Sun, Yueting and Liu, Bohan and Li, Yibing},
    month = {9},
    pages = {833--843},
    volume = {176},
    publisher = {Elsevier Ltd},
    doi = {10.1016/j.compstruct.2017.06.029},
    issn = {02638223},
    keywords = {Impact damage, Laminated glass, Plate theory, Wave propagation}
}

@article{Farsi2015,
    title = {{An application of the finite-discrete element method in the simulation of ceramic breakage : methodology for a validation study for alumina specimens}},
    year = {2015},
    journal = {IV International Conference on Particle-based Methods – Fundamentals and Applications PARTICLES 2015},
    author = {Farsi, A. and Xiang, J. and Latham, J. P. and Pullen, A. D. and Carlsson, M. and Stitt, E. H. and Marigo, M.},
    number = {November},
    pages = {1--12},
    isbn = {9788494424472},
    doi = {10.13140/RG.2.1.4113.9928},
    keywords = {abstract, al 2 o 3, alumina, aluminum oxide, ceramics, columns with particulate packing, femdem, fired to produce, fracture, high porosity catalyst pellets, multi-body systems, of complex shapes, particles are pelletised and, reactor, structures that are key, these pellets fill cylindrical, to the in-service performance}
}

@article{Alt17,
    title = {{An enhanced non–local failure criterion for laminated glass under low velocity impact}},
    year = {2017},
    journal = {International Journal of Impact Engineering},
    author = {Alter, Christian and Kolling, Stefan and Schneider, Jens},
    month = {11},
    pages = {342--353},
    volume = {109},
    publisher = {Elsevier Ltd},
    doi = {10.1016/j.ijimpeng.2017.07.014},
    issn = {0734743X},
    keywords = {Crash simulation, Laminated glass, Non-local failure criterion, Pedestrian protection, Windscreen}
}

@book{Mun04,
    title = {{Ante Munjiza - The Combined Finite-Discrete Element Method}},
    year = {2004},
    author = {Munjiza, Ante},
    pages = {350},
    isbn = {0470841990}
}

@article{Xu10,
    title = {{Characteristics of windshield cracking upon low-speed impact: Numerical simulation based on the extended finite element method}},
    year = {2010},
    journal = {Computational Materials Science},
    author = {Xu, Jun and Li, Yibing and Chen, Xi and Yan, Yuan and Ge, Dongyun and Zhu, Mengyi and Liu, Bohan},
    number = {3},
    month = {5},
    pages = {582--588},
    volume = {48},
    doi = {10.1016/j.commatsci.2010.02.026},
    issn = {09270256},
    keywords = {Crack propagation, Extended finite element method, Glass, Low-speed impact, Windshield}
}

@article{Mun99,
    title = {{Combined single and smeared crack model in combined finite-discrete element analysis}},
    year = {1999},
    journal = {International Journal for Numerical Methods in Engineering},
    author = {Munjiza, A. and Andrews, K. R.F. and White, J. K.},
    number = {1},
    month = {1},
    pages = {41--57},
    volume = {44},
    publisher = {John Wiley and Sons Ltd},
    doi = {10.1002/(SICI)1097-0207(19990110)44:1<41::AID-NME487>3.0.CO;2-A},
    issn = {00295981},
    keywords = {Concrete, Discrete element method, Fracture}
}

@book{Mun12,
    title = {{Computational mechanics of discontinua}},
    year = {2012},
    author = {Munjiza, Antonio A},
    series = {Wiley series in computational mechanics},
    publisher = {Wiley},
    address = {Chichester, West Sussex, U.K.},
    isbn = {9780470970805},
    keywords = {Continuum mechanics}
}

@article{Rab04,
    title = {{Cracking particles: A simplified meshfree method for arbitrary evolving cracks}},
    year = {2004},
    journal = {International Journal for Numerical Methods in Engineering},
    author = {Rabczuk, T. and Belytschko, T.},
    number = {13},
    month = {12},
    pages = {2316--2343},
    volume = {61},
    doi = {10.1002/nme.1151},
    issn = {00295981},
    keywords = {Cohesive crack model, Dynamic fracture, Meshfree methods}
}

@article{Ji98,
    title = {{Damage probability in laminated glass subjected to low velocity small missile impacts}},
    year = {1998},
    journal = {Journal of Materials Science},
    author = {Ji, F. S. and Dharani, L. R. and Behr, R. A.},
    number = {19},
    pages = {4775--4782},
    volume = {33},
    publisher = {Springer Netherlands},
    doi = {10.1023/A:1004457624817},
    issn = {00222461}
}

@article{Moh17,
    title = {{Deformation and damage mechanisms of laminated glass windows subjected to high velocity soft impact}},
    year = {2017},
    journal = {International Journal of Solids and Structures},
    author = {Mohagheghian, I. and Wang, Y. and Zhou, J. and Yu, L. and Guo, X. and Yan, Y. and Charalambides, M.N. and Dear, J.P.},
    month = {3},
    pages = {46--62},
    volume = {109},
    publisher = {Pergamon},
    url = {https://www.sciencedirect.com/science/article/pii/S0020768317300082},
    doi = {10.1016/J.IJSOLSTR.2017.01.006},
    issn = {0020-7683}
}

@article{Beh99,
    title = {{Dynamic strains in architectural laminated glass subjected to low velocity impacts from small projectiles}},
    year = {1999},
    journal = {Journal of Materials Science},
    author = {Behr, R. A. and Kremer, P. A. and Dharani, L. R. and Ji, F. S. and Kaiser, N. D.},
    number = {23},
    month = {12},
    pages = {5749--5756},
    volume = {34},
    publisher = {Kluwer Academic Publishers},
    doi = {10.1023/A:1004702100357},
    issn = {00222461}
}

@article{Mil12,
    title = {{Effect of the Impact Velocity on the Dynamic Response of E-Glass/Epoxy Laminated Composites}},
    year = {2012},
    journal = {Arabian Journal for Science and Engineering},
    author = {Mili, Fay\c{c}al},
    number = {2},
    month = {3},
    pages = {413--419},
    volume = {37},
    doi = {10.1007/s13369-012-0174-9},
    issn = {13198025},
    keywords = {Damage, Drop weight machine, E-glass/epoxy, Hertzian contact law, Impact, Low velocity}
}

@article{Moh18,
    title = {{Effect of the polymer interlayer on the high-velocity soft impact response of laminated glass plates}},
    year = {2018},
    journal = {International Journal of Impact Engineering},
    author = {Mohagheghian, I. and Charalambides, M. N. and Wang, Y. and Jiang, L. and Zhang, X. and Yan, Y. and Kinloch, A. J. and Dear, J. P.},
    month = {10},
    pages = {150--170},
    volume = {120},
    publisher = {Elsevier Ltd},
    doi = {10.1016/j.ijimpeng.2018.06.002},
    issn = {0734743X},
    keywords = {Bird strike, Digital image correlation, Laminated glass, SPH, Soft impact}
}

@book{Ber12,
    title = {{Elasticity and Plasticity of Large Deformations: An Introduction}},
    year = {2012},
    author = {Bertram, Albert},
    edition = {Third Edit},
    pages = {355},
    publisher = {Springer-Verlag Berlin Heidelberg},
    address = {Magdeburg},
    isbn = {9783642246142}
}

@article{Liu16,
    title = {{Energy absorption mechanism of polyvinyl butyral laminated windshield subjected to head impact: Experiment and numerical simulations}},
    year = {2016},
    journal = {International Journal of Impact Engineering},
    author = {Liu, Bohan and Xu, Tingni and Xu, Xiaoqing and Wang, Yan and Sun, Yueting and Li, Yibing},
    month = {4},
    pages = {26--36},
    volume = {90},
    publisher = {Elsevier Ltd},
    doi = {10.1016/j.ijimpeng.2015.11.010},
    issn = {0734743X},
    keywords = {Dynamic impact, Energy absorption, Numerical simulation, PVB laminated windshield}
}

@techreport{Fle96,
    title = {{ENRICHED ELEMENT-FREE GALERKIN METHODS FOR CRACK TIP FIELDS}},
    year = {1996},
    booktitle = {INTERNATIONAL JOURNAL FOR NUMERICAL METHODS IN ENGINEERING},
    author = {Fleming, M and Chur, Y A and Belytschko, T},
    pages = {1483--1504},
    volume = {29},
    publisher = {John Wiley {\&} Sons},
    keywords = {crack propagation, elastostatic fracture, enriched approximations, meshless methods, stress intensity factor}
}

@article{Wan18,
    title = {{Experimental investigations into SGP laminated glass under low velocity impact}},
    year = {2018},
    journal = {International Journal of Impact Engineering},
    author = {Wang, Xing er and Yang, Jian and Liu, Qiang and Zhao, Chenjun},
    month = {12},
    pages = {91--108},
    volume = {122},
    publisher = {Elsevier Ltd},
    doi = {10.1016/j.ijimpeng.2018.06.010},
    issn = {0734743X},
    keywords = {Delamination, Dynamic load, Impact, Laminated glass, SGP interlayer, Structural glass}
}

@article{Xu11,
    title = {{Experimental study on mechanical behavior of PVB laminated glass under quasi-static and dynamic loadings}},
    year = {2011},
    journal = {Composites Part B: Engineering},
    author = {Xu, Jun and Li, Yibing and Liu, Bohan and Zhu, Mengyi and Ge, Dongyun},
    number = {2},
    month = {3},
    pages = {302--308},
    volume = {42},
    doi = {10.1016/j.compositesb.2010.10.009},
    issn = {13598368},
    keywords = {A. Laminates, B. Mechanical properties, C. Analytical modelling, D. Mechanical testing}
}

@article{Rab09,
    title = {{Extended Finite Element and Meshfree Methods}},
    year = {2009},
    author = {Rabczuk, Timon}
}

@article{Dar13,
    title = {{FE Analysis of Dynamic Response of Aircraft Windshield against Bird Impact}},
    year = {2013},
    journal = {International Journal of Aerospace Engineering},
    author = {Dar, Uzair Ahmed and Zhang, Weihong and Xu, Yingjie},
    month = {5},
    pages = {1--12},
    volume = {2013},
    publisher = {Hindawi Limited},
    doi = {10.1155/2013/171768},
    issn = {1687-5966}
}

@article{Che16,
    title = {{Finite element modelling of impact damage in polyvinyl butyral laminated glass}},
    year = {2016},
    journal = {Composite Structures},
    author = {Chen, Shunhua and Zang, Mengyan and Wang, Di and Zheng, Zumei and Zhao, Chunlai},
    month = {3},
    pages = {1--11},
    volume = {138},
    publisher = {Elsevier Ltd},
    doi = {10.1016/j.compstruct.2015.11.042},
    issn = {02638223},
    keywords = {Extrinsic cohesive model, Glass-ply cracking, Laminated glass model, Mooney-Rivlin model, PVB laminated glass}
}

@article{Xia09,
    title = {{Finite strain, finite rotation quadratic tetrahedral element for the combined finite-discrete element method}},
    year = {2009},
    journal = {International Journal for Numerical Methods in Engineering},
    author = {Xiang, Jiansheng and Munjiza, Antonio and Latham, John Paul},
    number = {8},
    month = {8},
    pages = {946--978},
    volume = {79},
    doi = {10.1002/nme.2599},
    issn = {00295981},
    keywords = {Combined finite-discrete element, Explicit, Quadratic element, Volumetric locking}
}

@article{Xu14,
    title = {{Four-point combined DE/FE algorithm for brittle fracture analysis of laminated glass}},
    year = {2014},
    journal = {International Journal of Solids and Structures},
    author = {Xu, Wei and Zang, Mengyan},
    number = {10},
    month = {5},
    pages = {1890--1900},
    volume = {51},
    publisher = {Elsevier Ltd},
    doi = {10.1016/j.ijsolstr.2014.01.026},
    issn = {00207683},
    keywords = {Averaged stress tensor, Cohesive model, Combined algorithm, Discrete element method, Laminated glass}
}

@article{Mun13,
    title = {{Fracture and fragmentation of thin shells using the combined finite–discrete element method}},
    year = {2013},
    journal = {International Journal for Numerical Methods in Engineering},
    author = {Munjiza, A and Lei, Z and Divic, V and Peros, B},
    number = {6},
    pages = {478--498},
    volume = {95},
    publisher = {Wiley Online Library},
    url = {https://doi.org/10.1002/nme.4511},
    doi = {10.1002/nme.4511},
    issn = {1097-0207}
}

@techreport{Sch12,
    title = {{Fracture Mechanics Lecture notes-course 4A780 Concept version}},
    year = {2012},
    author = {Schreurs, P J G}
}

@book{And05,
    title = {{Fracture Mechanics: Fundamentals and Applications}},
    year = {2005},
    booktitle = {Fracture Mechanics: Fundamentals and Applications},
    author = {Anderson, T L},
    number = {3},
    pages = {630},
    publisher = {Taylor {\&} Francis Group},
    keywords = {And05}
}

@book{Pel16,
    title = {{Fracture Simulation of Structural Glass by Element Deletion in Explicit FEM}},
    year = {2016},
    author = {Pelfrene, Joren and Sevenois, Ruben Dirk and Gilabert, Francisco and Pelfrene, J and Dam, S Van and Sevenois, R and Gilabert, F and Van Paepegem, W},
    url = {https://www.researchgate.net/publication/304771271},
    isbn = {978-90-825-2680-6},
    keywords = {Brittle, Element Deletion, FEM, Fracture, Glass}
}

@misc{GID11,
    title = {{GID, The universal, adaptative and user friendly pre and post processing system for computer analysis in science and engineering. Reference Manual}},
    year = {2011},
    author = {{GID}}
}

@article{Kum16,
    title = {{Hyperelastic Mooney-Rivlin Model : Determination and Physical Interpretation of Material Constants}},
    year = {2016},
    journal = {MIT International Journal of Mechanical Engineering},
    author = {Kumar, Nomesh and Rao, V Venkateswara},
    number = {1},
    pages = {43--46},
    volume = {6},
    keywords = {cross linking density, hyperelasticity, mooney rivlin model}
}

@article{Hyp17,
    title = {{HyperWorks Desktop}},
    year = {2017},
    author = {Notes, Release},
    pages = {1--17}
}

@article{Lei16,
    title = {{Implementation of an Empirical Joint Constitutive Model into Finite-Discrete Element Analysis of the Geomechanical Behaviour of Fractured Rocks}},
    year = {2016},
    journal = {Rock Mechanics and Rock Engineering},
    author = {Lei, Qinghua and Latham, John Paul and Xiang, Jiansheng},
    number = {12},
    pages = {4799--4816},
    volume = {49},
    publisher = {Springer Vienna},
    isbn = {0060301610643},
    doi = {10.1007/s00603-016-1064-3},
    issn = {07232632},
    keywords = {Finite-discrete element method, Fractures, In situ stress, Joint constitutive model, Roughness}
}

@book{Kim15,
    title = {{Introduction to nonlinear finite element analysis}},
    year = {2015},
    booktitle = {Introduction to Nonlinear Finite Element Analysis},
    author = {Kim, Nam Ho},
    pages = {1--430},
    isbn = {9781441917461},
    doi = {10.1007/978-1-4419-1746-1}
}

@article{Xu16,
    title = {{Investigation on Dynamic Propagation Characteristics of In-Plane Cracks in PVB Laminated Glass Plates}},
    year = {2016},
    journal = {Advances in Materials Science and Engineering},
    author = {Xu, Xiaoqing and Liu, Bohan and Li, Yibing},
    month = {8},
    pages = {1--13},
    volume = {2016},
    publisher = {Hindawi Limited},
    doi = {10.1155/2016/1468390},
    issn = {1687-8434}
}

@misc{Jab16,
    title = {{jabisupra}},
    year = {2016},
    author = {Zucker, John and Brades, John and New, Andrew and Toon, Adrian},
    url = {https://www.jabisupra.co.uk/}
}

@misc{Ved17,
    title = {{Laminated plate theories and fracture of laminated glass plate – A review}},
    year = {2017},
    booktitle = {Engineering Fracture Mechanics},
    author = {Vedrtnam, Ajitanshu and Pawar, S. J.},
    doi = {10.1016/j.engfracmech.2017.10.020},
    issn = {00137944},
    keywords = {Architectural glass, Fracture, Impact load, Laminated composites, Laminated plate theories, Wind shield}
}

@article{Kim16,
    title = {{Low Velocity Impact Behaviors of a Laminated Glass}},
    year = {2016},
    journal = {Smart Science},
    author = {Kim, Bong Hwan and Ahn, Kook Chan and Lee, Chi Woo},
    number = {4},
    month = {6},
    pages = {209--213},
    volume = {2},
    publisher = {Informa UK Limited},
    doi = {10.1080/23080477.2014.11665628}
}

@techreport{Kur14,
    title = {{LOW-VELOCITY IMPACT ANALYSIS OF MONOLITHIC AND LAMINATED GLASS USING FINITE ELEMENT METHOD (FEM) By KURUVITA ARACHCHIGE DON LASITHA PRIYANGA KARUNARATHNA}},
    year = {2014},
    author = {Priyanga Karunarathna Kuruvita Arachchige Don, Lasitha}
}

@article{Ram11,
    title = {{Mayavi: 3D visualization of scientific data}},
    year = {2011},
    journal = {Computing in Science and Engineering},
    author = {Ramachandran, Prabhu and Varoquaux, Gael},
    number = {2},
    pages = {40--51},
    volume = {13},
    doi = {10.1109/MCSE.2011.35},
    issn = {15219615},
    arxivId = {arXiv:1010.4891v1},
    keywords = {Python, Visualization, scientific computing, software engineering}
}

@article{Flo98,
    title = {{Modeling interply debonding in laminated architectural glass subject to low velocity impact}},
    year = {1998},
    journal = {Structural Engineering and Mechanics},
    author = {Flocker, F. W. and Dharani, L. R.},
    number = {5},
    pages = {485--496},
    volume = {6},
    publisher = {Techno Press},
    doi = {10.12989/sem.1998.6.5.485},
    issn = {12254568},
    keywords = {Debonding, Finite element method, Fracture, Impact, Laminated glass}
}

@article{Che18,
    title = {{Modelling impact fracture and fragmentation of laminated glass using the combined finite-discrete element method}},
    year = {2018},
    journal = {International Journal of Impact Engineering},
    author = {Chen, Xudong and Chan, Andrew H.C.},
    month = {2},
    pages = {15--29},
    volume = {112},
    publisher = {Elsevier Ltd},
    doi = {10.1016/j.ijimpeng.2017.10.007},
    issn = {0734743X},
    keywords = {Combined finite-discrete element method, Fracture, Fragmentation, Impact, Laminated glass}
}

@article{Mon04,
    title = {{Monitored ballistic tests on shockproof sandwich glasses in different conditions}},
    year = {2004},
    journal = {Experimental Techniques},
    author = {Monteleone, L. and Steindler, R. and Kajon, G.},
    number = {5},
    pages = {28--32},
    volume = {28},
    publisher = {Society for Experimental Mechanics Inc.},
    doi = {10.1111/j.1747-1567.2004.tb00183.x},
    issn = {07328818}
}

@article{Che17,
    title = {{Numerical analysis of impact failure of automotive laminated glass: A review}},
    year = {2017},
    journal = {Composites Part B: Engineering},
    author = {Chen, Shunhua and Zang, Mengyan and Wang, Di and Yoshimura, Shinobu and Yamada, Tomonori},
    month = {8},
    pages = {47--60},
    volume = {122},
    publisher = {Elsevier},
    url = {https://www.sciencedirect.com/science/article/pii/S1359836816328384},
    doi = {10.1016/J.COMPOSITESB.2017.04.007},
    issn = {1359-8368}
}

@article{Bra10,
    title = {{On the dynamic fragmentation of glass: A meso-damage model}},
    year = {2010},
    journal = {International Journal of Fracture},
    author = {Brajer, Xavier and Hild, Fran\c{c}ois and Roux, St\'{e}phane},
    number = {1-2},
    month = {5},
    pages = {121--131},
    volume = {163},
    doi = {10.1007/s10704-009-9421-9},
    issn = {03769429},
    keywords = {FE simulations, Fragmentation regime, Non-local damage, Poisson-Weibull model}
}

@article{Beh02,
    title = {{Performance of Laminated Glass Units under Simulated Windborne Debris Impacts}},
    year = {2002},
    journal = {Journal of Architectural Engineering},
    author = {Behr, Richard A. and Kremer, Paul A.},
    number = {3},
    pages = {95--99},
    volume = {2},
    isbn = {1076043119},
    doi = {10.1061/(asce)1076-0431(1996)2:3(95)},
    issn = {1076-0431}
}

@article{Bio10,
    title = {{Progressive damage and fracture of laminated glass beams}},
    year = {2010},
    journal = {Construction and Building Materials},
    author = {Biolzi, Luigi and Cattaneo, Sara and Rosati, Gianpaolo},
    doi = {10.1016/j.conbuildmat.2009.09.007},
    issn = {09500618},
    keywords = {Beams, Damage, Fracture, Interlayer, Laminated glass}
}

@book{Stolz2015,
    title = {{Recommendations for the Improvement of Existing European Norms for Testing the Resistance of Windows and Glazed Fa{\c{c}}ades to Explosive Effects}},
    year = {2015},
    author = {Stolz, Alexander and Millon, Oliver and Bedon, Chiara and Kevin, C and Doormaal, Ans Van and Haberacker, Christof and Larcher, Martin and Commission, European and Millon, Oliver and Saarenheimo, Arja and Solomos, George and Commission, European and Stolz, Alexander},
    isbn = {9789279533945}
}

@misc{Lat15,
    title = {{Solidity}},
    year = {2015},
    author = {Latham, John-Paul and Xiang, Jiansheng and Farsi, Ado and Joulin, Clement and Karantzoulis, Nikos and Obeysekara, Asiri and Yang, Pan},
    url = {SolidityProject.com}
}

@article{ElS18,
    title = {{Structural behavior of window laminated glass plies using new interlayer materials}},
    year = {2018},
    journal = {Journal of King Saud University - Engineering Sciences},
    author = {El-Shami, Mostafa and Mahmoud, Sayed},
    number = {1},
    month = {1},
    pages = {54--60},
    volume = {30},
    publisher = {King Saud University},
    doi = {10.1016/j.jksues.2015.11.003},
    issn = {10183639},
    keywords = {Finite element modeling, Glazing, Interlayer, Laminated glass, Stress analysis}
}

@article{Zha19,
    title = {{Temperature effects on the low velocity impact response of laminated glass with different types of interlayer materials}},
    year = {2019},
    journal = {International Journal of Impact Engineering},
    author = {Zhang, Xiaowen and Mohammed, Idris K. and Zheng, Mengyao and Wu, Nan and Mohagheghian, Iman and Zhang, Guanli and Yan, Yue and Dear, John P.},
    month = {2},
    pages = {9--22},
    volume = {124},
    publisher = {Elsevier Ltd},
    doi = {10.1016/j.ijimpeng.2018.09.004},
    issn = {0734743X},
    keywords = {Impact properties, Interlayer material, Laminated glass, Temperature}
}

@article{Gra98,
    title = {{THE DAMAGE THRESHOLD OF LAMINATED GLASS STRUCTURES}},
    year = {1998},
    journal = {International Journal of Impact Engineering},
    author = {Grant, P.V and Cantwell, W.J and McKenzie, H and Corkhill, P},
    number = {9},
    month = {10},
    pages = {737--746},
    volume = {21},
    publisher = {Elsevier BV},
    doi = {10.1016/s0734-743x(98)00027-x},
    issn = {0734743X}
}

@article{Gao14,
    title = {{The simulation of laminated glass beam impact problem by developing fracture model of spherical DEM}},
    year = {2014},
    journal = {Engineering Analysis with Boundary Elements},
    author = {Gao, Wei and Zang, Mengyan},
    pages = {2--7},
    volume = {42},
    publisher = {Elsevier Ltd},
    doi = {10.1016/j.enganabound.2013.11.011},
    issn = {09557997},
    keywords = {Cohesive model, Discrete element method, Finite element method, Fracture model, Laminated glass}
}

@article{Farsi2019DEMPlus,
    title = {{DEM Plus}},
    year = {2019},
    author = {Farsi, Ado and Xiang, Jiansheng},
    pages = {30},
    keywords = {Far19}
}

@article{Latham2019DynamicOverview,
    title = {{Dynamic Impact Response of Laminated Window Glass - An overview}},
    year = {2019},
    author = {Latham, Supervisors},
    number = {June}
}

@article{Guo2015NumericalMethod,
    title = {{Numerical simulation of breakages of concrete armour units using a three-dimensional fracture model in the context of the combined finite-discrete element method}},
    year = {2015},
    journal = {Computers and Structures},
    author = {Guo, Liwei and Latham, John Paul and Xiang, Jiansheng},
    doi = {10.1016/j.compstruc.2014.09.001},
    issn = {00457949},
    keywords = {Combined finite-discrete element method, Concrete armor unit, Core-Loc, Dolos, Fracture model, Numerical simulation}
}